@online{refAboutGitLab,
	title={The DevSecOps Platform | GitLab},
	author={GitLab},
	year={2023},
	url={https://about.gitlab.com/},
	urldate={2023-05-20},
	organization={GitLab Inc.}
}

@online{refGitLabRunners,
	title={How to Configure GitLab Runner on your own},
	author={Docker},
	year={2023},
	url={https://digitalvarys.com/how-to-configure-gitlab-runner-by-your-own/},
	urldate={2023-05-20},
	organization={Digital Varys}
}

@online{refDockerDebian,
	title={Install Docker Engine on Debian},
	author={Docker},
	year={2023},
	url={https://docs.docker.com/engine/install/debian/},
	urldate={2023-05-20},
	organization={Docker Inc.}
}
